@inproceedings{add:BCGI+20,
  title={Correlated pseudorandom functions from variable-density LPN},
  author={Boyle, Elette and Couteau, Geoffroy and Gilboa, Niv and Ishai, Yuval and Kohl, Lisa and Scholl, Peter},
  booktitle={2020 IEEE 61st Annual Symposium on Foundations of Computer Science (FOCS)},
  pages={1069--1080},
  year={2020},
  organization={IEEE}
}


@misc{EPRINT:Transistor,
      author = {Jules Baudrin and Sonia Belaïd and Nicolas Bon and Christina Boura and Anne Canteaut and Gaëtan Leurent and Pascal Paillier and Léo Perrin and Matthieu Rivain and Yann Rotella and Samuel Tap},
      title = {Transistor: a {TFHE}-friendly Stream Cipher},
      howpublished = {Cryptology {ePrint} Archive, Paper 2025/282},
      year = {2025},
      url = {https://eprint.iacr.org/2025/282}
}

@article{ToSC:CCHLOS24,
title={{FRAST}: {TFHE}-Friendly Cipher Based on Random {S}-Boxes},
volume={2024},
url={https://tosc.iacr.org/index.php/ToSC/article/view/11809},
DOI={10.46586/tosc.v2024.i3.1-43},
number={3},
journal={{IACR} {T}ransactions on {S}ymmetric {C}ryptology},
author={Cho, Mingyu and Chung, Woohyuk and Ha, Jincheol and Lee, Jooyoung and Oh, Eun-Gyeol and Son, Mincheol}, year={2024},
month={Sep.},
pages={1–43}
}

@article{add:BerCha96,
  author    = {Thierry P. Berger and
               Pascale Charpin},
  title     = {The permutation group of affine-invariant extended cyclic codes},
  journal   = {{IEEE} Trans. Information Theory},
  volume    = {42},
  number    = {6},
  pages     = {2194--2209},
  year      = {1996},
 }
@Misc{add:CheVin09,
  author    = {Yanling Chen and
               Han Vinck},
  title     = {Notes on Reed-Muller Codes},
  year      = {2009},
  url       = {http://arxiv.org/abs/0901.2062},
  howpublished = {arXiv 0901.2062},
}

@Book{add:AssKey92,
  author =	 {Assmus, Edward F. and Key, Jennifer D.},
  ALTeditor = 	 {},
  title = 	 {Designs and their Codes},
  publisher = 	 {Cambridge University Press},
  year = 	 {1992},
  OPTkey = 	 {},
  OPTvolume = 	 {},
  OPTnumber = 	 {},
  series =	 {Cambridge Tracts in Mathematics},
  OPTaddress = 	 {},
  OPTedition = 	 {},
  OPTmonth = 	 {},
  OPTnote = 	 {},
  OPTannote = 	 {}
}

@Misc{,
  OPTkey = 	 {},
  OPTauthor = 	 {},
  OPTtitle = 	 {},
  OPThowpublished = {},
  OPTmonth = 	 {},
  OPTyear = 	 {},
  OPTnote = 	 {},
  OPTannote = 	 {}
}

@article{add:CanChaDob00,
  author =	 {Canteaut, Anne and Charpin, Pascale and Dobbertin, Hans},
  title =	 {Weight divisibility of cyclic codes, highly nonlinear functions on {GF}({\({2^m}\)}) and crosscorrelation of maximum-length sequences},
  journal =	 {SIAM Journal on Discrete Mathematics},
  year =	 2000,
  volume =	 13,
  number =	 1,
  pages =	 {105--138}
}
@article{add:BCCL06,
  title={On Almost Perfect Nonlinear Functions Over $\mathbb{F}_2^n$},
  author={Berger, Thierry P and Canteaut, Anne and Charpin, Pascale and Laigle-Chapuy, Yann},
  journal={{IEEE} Transactions on Information Theory},
  volume={52},
  number={9},
  pages={4160--4170},
  year={2006},
  publisher={{IEEE}}
}



@Article{add:BDKM09,
  author = 	 {K. A. Browning and J.F. Dillon and R.E. Kibler and M. T. McQuistan},
  title = 	 {{APN Polynomials and Related Codes}},
  journal = 	 {J. of Combinatorics, Information and System Sciences},
  year = 	 {2009},
  OPTkey = 	 {},
  volume =	 {34},
  number =	 {1-4},
  pages =	 {135-159},
  OPTmonth = 	 {},
  OPTnote = 	 {},
  OPTannote = 	 {}
}

@article{add:BBMGN11,
author="Bracken, Carl and Byrne, Eimear and McGuire, Gary and Nebe, Gabriele",
title="On the equivalence of quadratic {APN} functions",
journal="Designs, Codes and Cryptography",
year="2011",
month="Dec",
day="01",
volume="61",
number="3",
pages="261--272",
issn="1573-7586",
doi="10.1007/s10623-010-9475-8",
url="https://doi.org/10.1007/s10623-010-9475-8"
}

@article{add:BriLea08,
author="Brinkmann, Marcus and Leander, Gregor",
title="On the classification of {APN} functions up to dimension five",
journal="Designs, Codes and Cryptography",
year="2008",
month="Dec",
day="01",
volume="49",
number="1",
pages="273--288",
issn="1573-7586",
doi="10.1007/s10623-008-9194-6",
url="https://doi.org/10.1007/s10623-008-9194-6"
}

@article{add:BudCar08,
  title={Classes of quadratic APN trinomials and hexanomials and related structures},
  author={Budaghyan, Lilya and Carlet, Claude},
  journal={{IEEE} Transactions on Information Theory},
  volume={54},
  number={5},
  pages={2354--2357},
  year={2008},
  publisher={IEEE}
}

@inproceedings{add:BudCar10,
  title={{CCZ}-equivalence of single and multi output Boolean functions},
  author={Budaghyan, Lilya and Carlet, Claude},
  booktitle={Post-proceedings of the 9-th International Conference on Finite Fields and Their Applications},
  volume={518},
  pages={43--54},
  year={2010},
  publisher={American Mathematical Society}
}

@article{add:BudCar11,
author="Budaghyan, Lilya and Carlet, Claude",
title="{CCZ}-equivalence of bent vectorial functions and related constructions",
journal="Designs, Codes and Cryptography",
year=2011,
month="Apr",
day=01,
volume=59,
number=1,
pages="69--87",
issn="1573-7586",
doi="10.1007/s10623-010-9466-9",
url="https://doi.org/10.1007/s10623-010-9466-9"
}

@article{add:BudCarPot06,
  title={New classes of almost bent and almost perfect nonlinear polynomials},
  author={Budaghyan, Lilya and Carlet, Claude and Pott, Alexander},
  journal={{IEEE} Transactions on Information Theory},
  volume=52,
  number=3,
  pages={1141--1152},
  year=2006,
  publisher={{IEEE}}
}

@InProceedings{add:BudKaz12,
author="Budaghyan, Lilya
and Kazymyrov, Oleksandr",
editor="{\"O}zbudak, Ferruh
and Rodr{\'i}guez-Henr{\'i}quez, Francisco",
title="Verification of Restricted {EA}-Equivalence for Vectorial Boolean Functions",
booktitle="Arithmetic of Finite Fields",
year="2012",
publisher="Springer Berlin Heidelberg",
address="Berlin, Heidelberg",
pages="108--118",
isbn="978-3-642-31662-3"
}


@article{add:BloNyb15,
title = "Perfect nonlinear functions and cryptography",
journal = "Finite Fields and Their Applications",
volume = "32",
pages = "120--147",
year = "2015",
note = "Special Issue : Second Decade of {FFA}",
issn = "1071-5797",
doi = "https://doi.org/10.1016/j.ffa.2014.10.007",
url = "\url{http://www.sciencedirect.com/science/article/pii/S1071579714001208}",
author = "C\'eline Blondeau and Kaisa Nyberg",
}

@article{add:CarChaZin98,
  title={Codes, bent functions and permutations suitable for {DES}-like cryptosystems},
  author={Carlet, Claude and Charpin, Pascale and Zinoviev, Victor},
  journal={Designs, Codes and Cryptography},
  volume={15},
  number={2},
  pages={125--156},
  year={1998},
  publisher={Springer}
}

@article{add:CanDuvPer17,
author={Anne Canteaut and S\'ebastien Duval and L\'eo Perrin},
journal={{IEEE} Transactions on Information Theory},
title={A Generalisation of {Dillon}'s {APN} Permutation With the Best Known Differential and Nonlinear Properties for All Fields of Size $2^{4k+2}$},
year={2017},
volume={63},
number={11},
pages={7575-7591},
doi={10.1109/TIT.2017.2676807},
ISSN={0018-9448},
month={Nov},
}


@inproceedings{add:BDMW10,
  title={An {APN} Permutation in Dimension Six},
  author={K. A. Browning and J.F. Dillon and M. T. McQuistan and A. J. Wolfe},
  booktitle={Post-proceedings of the 9-th International Conference on Finite Fields and Their Applications},
  volume={518},
  pages={33--42},
  year={2010},
  publisher={American Mathematical Society}
}

@article{add:EdePot09,
  title={A new almost perfect nonlinear function which is not quadratic.},
  author={Edel, Daniel and Pott, Alexander},
  journal={Advances in Mathematics of Communications},
  volume={3},
  number={1},
  pages={59--81},
  year={2009}
}

@book{add:MacSlo77,
  title={The theory of error-correcting codes},
  author={MacWilliams, Florence Jessie and Sloane, Neil James Alexander},
  year={1977},
  publisher={North-Holland Publishing Company}
}

@phdthesis{add:Perrin17,
  title={Cryptanalysis, Reverse-Engineering and Design of Symmetric Cryptographic Algorithms},
  author={Perrin, L{\'e}o},
  year={2017},
  school={University of Luxembourg, Belval, Luxembourg}
}

@misc{add:Skipjack,
title={Escrowed Encryption Standard},
author={{NIST}},
year=1994,
howpublished={Federal Information Processing Standard (FIPS) 185, now deprecated, available online at \url{https://csrc.nist.gov/CSRC/media/Publications/fips/185/archive/1994-02-09/documents/fips185.pdf}.}
}

@article{add:Gologlu15,
  title={Almost perfect nonlinear trinomials and hexanomials},
  author={G{\"o}lo{\u{g}}lu, Faruk},
  journal={Finite Fields and Their Applications},
  volume={33},
  pages={258--282},
  year={2015},
  publisher={Elsevier}
}

@misc{add:Kuznyechik,
year=2015,
author="{Federal Agency on Technical Regulation and Metrology}",
title="Information Technology -- Data Security: Block ciphers",
howpublished={English version available at \url{http://wwwold.tc26.ru/en/standard/gost/GOST_R_34_12_2015_ENG.pdf}}
}

@Article{add:Sch13,
author="Schulte-Geers, Ernst",
title="On {CCZ}-equivalence of addition mod $2^n$",
journal="Designs, Codes and Cryptography",
year="2013",
month="Jan",
day="01",
volume="66",
number="1",
pages="111--127",
issn="1573-7586",
doi="10.1007/s10623-012-9668-4",
url="https://doi.org/10.1007/s10623-012-9668-4"
}


@misc{add:Streebog,
year=2012,
author="{Federal Agency on Technical Regulation and Metrology}",
title="Information Technology -- Data Security: Hash function",
howpublished={English version available at \url{http://wwwold.tc26.ru/en/standard/gost/GOST_R_34_11-2012_eng.pdf}}
}

@article{add:Yoshiara17,
author="Yoshiara, Satoshi",
title="Equivalences among plateaued {APN} functions",
journal="Designs, Codes and Cryptography",
year="2017",
month="Nov",
day="01",
volume="85",
number="2",
pages="205--217",
issn="1573-7586",
doi="10.1007/s10623-016-0298-0",
url="https://doi.org/10.1007/s10623-016-0298-0"
}

@article{add:YuWanLi14,
author="Yu, Yuyin and Wang, Mingsheng and Li, Yongqiang",
title="A matrix approach for constructing quadratic APN functions",
journal="Designs, Codes and Cryptography",
year="2014",
month="Nov",
day="01",
volume="73",
number="2",
pages="587--600",
issn="1573-7586",
doi="10.1007/s10623-014-9955-3",
url="https://doi.org/10.1007/s10623-014-9955-3"
}
